@inproceedings{ Farmer:12:WebDSLs,
  author     = "Andrew Farmer and Andy Gill",
  title      = "Haskell {DSLs} for Interactive Web Services",
  booktitle  = "Cross-model Language Design and Implementation",
  year       = 2012
}

@article{ Sculthorpe:13:ConstrainedMonads,
  author     = "Neil Scolthrope and Jan Bracker and George Giorgidze and Andy Gill",
  title      = "The Constrained-Monad Problem",
  journal    = "Submitted to International Conference on Functional Programming",
  year       = 2013
}

@article{ Svenningsson:12:CombiningEmbedding,
  title={Combining Deep and Shallow Embedding for EDSL},
  author={Josef Svenningsson and Emil Axelsson},
  journal={Presentation at Trends in Functional Programming, June},
  year={2012}
}

@article{ Claessen:99:PoorMansConcurrencyMonad,
  title={A poor man's concurrency monad},
  author={Claessen, Koen},
  journal={Journal of Functional Programming},
  volume={9},
  number={03},
  pages={313--323},
  year={1999},
  publisher={Cambridge Univ Press}
}

%%% STUFF FROM EMBEDDING PAPER %%%%%%%%%%%%%%%%%%%%%%%%%%%%%%%%%

@article{ Gibbons:09:Iterator,
  title      = "The Essence of the Iterator Pattern",
  author     = "Jeremy Gibbons and Bruno C\'{e}sar dos Santos Oliveira",
  journal    = "Journal of Functional Programming",
  number     = "3--4",
  pages      = "377--402",
  volume     = 19,
  year       = 2009
}

@inproceedings{ Orchard:10:ConstraintsUnleashed,
  author     = "Dominic Orchard and Tom Schrijvers",
  title      = "{Haskell} Type Constraints Unleashed",
  booktitle  = "International Conference on Functional and Logic Programming",
  location   = "Sendai, Japan",
  pages      = "56--71",
  publisher  = "Springer",
  year       = 2010
}

@inproceedings{ Jones:12:DeconstrainingDSLs,
  author     = "Will Jones and Tony Field and Tristan Allwood",
  title      = "Deconstraining {DSLs}",
  booktitle  = "International Conference on Functional Programming",
  location   = "Copenhagen, Denmark",
  pages      = "299--310",
  publisher  = "ACM",
  year       = 2012,
}

@inproceedings{ Yorgey:12:PromotingHaskell,
  author        = "Brent A Yorgey and Stephanie Weirich and Julien Cretin and Simon {Peyton Jones} and Dimitrios Vytiniotis and Jos{\'e} Pedro Magalh{\~a}es",
  title         = "Giving {Haskell} a Promotion",
  booktitle     = "Types in Language Design and Implementation",
  pages         = "53--66",
  publisher     = "ACM",
  year          = 2012
}

@misc{ Hackage:10:Operational,
  author       = "Heinrich Apfelmus",
  url          = "http://hackage.haskell.org/package/operational",
  year         = 2010
}

@article{ Apfelmus:10:Operational,
  author       = "Heinrich Apfelmus",
  title        = "The {Operational} Monad Tutorial",
  journal      = "The {Monad.Reader}",
  volume       = "15",
  pages        = "37--55",
  year         = "2010"
}

@manual{ GHC:13:manual,
  title        = "The Glorious {Glasgow} {Haskell} Compilation System User's Guide, Version 7.6.2",
  author       = "{GHC Team}",
  year         = 2013,
  url          = "http://www.haskell.org/ghc"
}

@inproceedings{ Hughes:99:RestrictedDataTypes,
  author       = "John Hughes",
  title        = "Restricted Data Types in {Haskell}",
  booktitle    = "Haskell Workshop",
  location     = "Paris, France",
  year         = 1999
}

@article{ McBride:08:Applicative,
  author       = "Conor McBride and Ross Paterson",
  title        = "Applicative Programming with Effects",
  journal      = "Journal of Functional Programming",
  volume       = 18,
  number       = 1,
  pages        = "1--13",
  publisher    = "Cambridge University Press",
  year         = 2008
}

@article{ Hughes:00:Arrows,
  author       = "John Hughes",
  title        = "Generalising Monads to Arrows",
  journal      = "Science of Computer Programming",
  volume       = 37,
  number       = "1--3",
  pages        = "67--111",
  publisher    = "Elsevier",
  year         = 2000
}

@inproceedings{ Paterson:01:ArrowNotation,
  author       = "Ross Paterson",
  title        = "A New Notation for Arrows",
  booktitle    = "International Conference on Functional Programming",
  location     = "Firenze, Italy",
  publisher    = "ACM",
  pages        = "229--240",
  year         = 2001
}

@inproceedings{ Wadler:92:EssenceOfFun,
  author       = "Philip Wadler",
  title        = "The essence of functional programming",
  booktitle    = "Principles of Programming Languages",
  location     = "Albuquerque, New Mexico, USA",
  pages        = "1--14",
  publisher    = "ACM",
  year         = 1992
}

@inproceedings{ Wadler:90:Monads,
  author       = "Philip Wadler",
  title        = "Comprehending Monads",
  booktitle    = "{LISP} and Functional Programming",
  location     = "Nice, France",
  pages        = "61--78",
  publisher    = "ACM",
  year         = 1990
}

@article{ Spivey:90:FunExceptions,
  author       = "Mike Spivey",
  title        = "A Functional Theory of Exceptions",
  journal      = "Science of Computer Programming",
  volume       = 14,
  number       = 1,
  pages        = "25--42",
  publisher    = "Elsevier",
  year         = 1990
}

@inproceedings{ Moggi:89:LambdaMonads,
  author       = "Eugenio Moggi",
  title        = "Computational lambda-calculus and monads",
  booktitle    = "Logic in Computer Science",
  location     = "Pacific Grove, California, USA",
  pages        = "14--23",
  publisher    = "IEEE Press",
  year         = 1989
}

@article{ Moggi:91:ComputationMonads,
  author       = "Eugenio Moggi",
  title        = "Notions of computation and monads",
  journal      = "Information and Computation",
  volume       = 93,
  number       = 1,
  pages        = "55--92",
  publisher    = "Academic Press",
  year         = 1991
}

@article{ Adams:93:EfficientSets,
  author       = "Stephen Adams",
  title        = "Efficient sets --- a balancing act",
  journal      = "Journal of Functional Programming",
  volume       = 3,
  number       = 4,
  pages        = "553--561",
  year         = 1993
}

@inproceedings{ Nievergelt:72:BinarySearchTrees,
  author       = "J{\"u}rg Nievergelt and Edward Martin Reingold",
  title        = "Binary Search Trees of Bounded Balance",
  booktitle    = "Symposium on Theory of Computing",
  location     = "Denver, Colorado, USA",
  pages        = "137--142",
  publisher    = "ACM",
  year         = 1972
}

@inproceedings{ Lin:06:Unimo,
  author       = "{Chuan-kai} Lin",
  title        = "Programming Monads Operationally with {Unimo}",
  booktitle    = "International Conference on Functional Programming",
  location     = "Portland, Oregon, USA",
  pages        = "274--285",
  publisher    = "ACM",
  year         = 2006
}

@misc{ Bolingbroke:09:ConstraintFamilies,
  author       = "Max Bolingbroke",
  title        = "Constraint Families",
  url          = "http://blog.omega-prime.co.uk/?p=61",
  year         = "2009"
}

@misc{ Bolingbroke:11:ConstraintKinds,
  author       = "Max Bolingbroke",
  title        = "Constraint Kinds for {GHC}",
  url          = "http://blog.omega-prime.co.uk/?p=127",
  year         = "2011"
}

@article{ PeytonJones:07:RankNType,
  author       = "Simon {Peyton Jones} and Dimitrios Vytiniotis and Stephanie Weirich and Mark Shields",
  title        = "Practical type inference for arbitrary-rank types",
  journal      = "Journal of Functional Programming",
  volume       = 17,
  number       = 1,
  pages        = "1--82",
  publisher    = "Cambridge University Press",
  year         = 2007,
}

@inproceedings{ PeytonJones:06:GADTs,
  author       = "Simon {Peyton Jones} and Dimitrios Vytiniotis and Stephanie Weirich and Geoffrey Washburn",
  title        = "Simple Unification-based Type Inference for {GADT}s",
  booktitle    = "International Conference on Functional Programming",
  pages        = "50--61",
  publisher    = "ACM",
  year         = 2006
}

@misc{ Hackage:08:RMonad,
  author       = "Ganesh Sittampalam",
  url          = "http://hackage.haskell.org/package/rmonad",
  year         = 2008
}

@misc{ Sittampalam:08:RestrictedMonads,
  author       = "Ganesh Sittampalam",
  title        = "Restricted monads in {Haskell}",
  url          = "http://hsenag.livejournal.com/11803.html",
  year         = "2008"
}

@article{ SPJ:03:Haskell98,
  author       = "Simon {Peyton Jones}",
  title        = "The {Haskell} 98 Language and Libraries: The Revised Report",
  journal      = "Journal of Functional Programming",
  volume       = 13,
  number       = 1,
  pages        = "0--255",
  publisher    = "Cambridge University Press",
  year         = 2003
}

@misc{ Kiselyov:06:RestrictedDataTypes,
  author       = "Oleg Kiselyov",
  title        = "Restricted Data Types Now",
  url          = "http://okmij.org/ftp/Haskell/RestrictedMonad.lhs",
  year         = "2006"
}

@misc{ Sabry:05:RebindableSyntax,
  author       = "Amr A Sabry",
  title        = "Rebindable syntax for monads and arrows",
  url          = "http://www.haskell.org/pipermail/haskell/2005-January/015113.html",
  year         = "2005"
}

@article{ Vizzotto:06:QuantumEffects,
  author       = "Juliana Vizzotto and Thorsten Altenkirch and Amr Sabry",
  title        = "Structuring Quantum Effects: Superoperators as Arrows",
  journal      = "Mathematical Structures in Computer Science",
  volume       = 16,
  number       = 3,
  pages        = "453--468",
  year         = 2006
}

@inproceedings { Chakravarty:05:AssociatedTypes,
  author      = "Manuel M. T. Chakravarty and Gabriele Keller and Simon {Peyton Jones}",
  title       = "Associated Type Synonyms",
  booktitle   = "International Conference on Functional Programming",
  pages       = "241--253",
  publisher   = "ACM",
  year        = 2005
}

@inproceedings { Schrijvers:08:TypeFamilies,
  author      = "Tom Schrijvers and Simon {Peyton Jones} and Manuel M. T. Chakravarty and Martin Sulzmann",
  title       = "Type Checking with Open Type Functions",
  booktitle   = "International Conference on Functional Programming",
  pages       = "51--62",
  publisher   = "ACM",
  year        = 2008
}

@incollection{ Kiselyov:10:FunWithTypeFunction,
  author       = "Oleg Kiselyov and Simon {Peyton Jones} and {Chung-chieh} Shan",
  title        = "Fun with Type Functions",
  booktitle    = "Reflections on the Work of {C.A.R. Hoare}",
  publisher    = "Springer",
  chapter      = "14",
  pages        = "301--331",
  year         = 2010
}

@misc{ Hackage:08:HList,
  author       = "Oleg Kiselyov and Ralf L{\"a}mmel and Keean Schupke",
  url          = "http://hackage.haskell.org/package/HList",
  year         = 2008
}

@inproceedings { SPJ:97:TypeClasses,
  author      = "Simon {Peyton Jones} and Mark Jones and Erik Meijer ",
  title       = "Type Classes: an exploration of the design space",
  booktitle   = "Haskell Workshop",
  year        = 1997
}

@inproceedings{ Hudak:98:DSLs,
  author       = "Paul Hudak",
  title        = "Modular Domain Specific Languages and Tools",
  booktitle    = "International Conference on Software Reuse ({ICSR} '98)",
  pages        = "134--142",
  publisher    = "IEEE Computer Society",
  year         = 1998
}

@inproceedings{ Leijen:99:Phantom,
  author      = "Daan Leijen and Erik Meijer",
  title       = "Domain Specific Embedded Compilers",
  booktitle   = "Domain-Specific Languages",
  location    = "Austin, Texas, USA",
  pages       = "109--122",
  publisher   = "ACM",
  year        = 1999
}

@article{ Elliott:03:CompilingEDSLs,
  author       = "Conal Elliott and Sigbj\o{}rn Finne and Oege de Moor",
  title        = "Compiling Embedded Languages",
  journal      = "Journal of Functional Programming",
  publisher    = "Cambridge University Press",
  pages        = "455-481",
  volume       = 13,
  number       = 3,
  year         = 2003
}

@inproceedings{ Meijer:97:Mondrian,
  author       = "Erik Meijer and Koen Claessen",
  title        = "The Design and Implementation of {Mondrian}",
  booktitle    = "Haskell Workshop",
  year         = 1997
}

@article{ Yorgey:09:Typeclassopedia,
  author       = "Brent Yorgey",
  title        = "The {Typeclassopedia}",
  journal      = "The {Monad.Reader}",
  volume       = "13",
  pages        = "17--68",
  year         = "2009"
}

@misc{ Kidd:07:SetMonad,
  author       = "Eric Kidd",
  title        = "How to make {Data.Set} a monad",
  url          = "http://www.randomhacks.net/articles/2007/03/15/data-set-monad-haskell-macros",
  year         = "2007"
}

@misc{ Hackage:12:SetMonad,
  author       = "George Giorgidze",
  url          = "http://hackage.haskell.org/package/set-monad",
  year         = 2012
}

@manual{ Wishbone:10:manual,
  title        = "Wishbone {B4}: {WISHBONE} System-on-Chip ({SoC}) Interconnection Architecture for Portable {IP} Cores",
  author       = "{OpenCores Organization}",
  year         = 2010,
  url          = "http://opencores.org/opencores,wishbone"
}

@inproceedings{ Gill:10:TypesKansasLava,
  title        = "Types and Type Families for Hardware Simulation and Synthesis: The Internals and Externals of {K}ansas {L}ava",
  author       = "Andy Gill and Tristan Bull and Andrew Farmer and Garrin Kimmell and Ed Komp",
  booktitle    = "Trends in Functional Programming",
  publisher    = "Springer",
  pages        = "118--133",
  year         = 2010
}

@inproceedings{ Voigtlander:08:FreeMonads,
  author       = "Janis Voigtl{\"a}nder",
  title        = "Asymptotic Improvement of Computations over Free Monads",
  booktitle    = "Mathematics of Program Construction",
  location     = "Marseille, France",
  pages        = "388--403",
  publisher    = "Springer",
  year         = 2008
}

@misc{ Kmett:11:FreeMonads,
  author       = "Edward Kmett",
  title        = "Free Monads for Less",
  url          = "http://comonad.com/reader/2011/free-monads-for-less/",
  year         = "2011"
}

@inproceedings{ Giorgidze:11:MonadComprehensions,
  author       = "George Giorgidze and Torsten Grust and Nils Schweinsberg and Jeroen Weijers",
  title        = "Bringing Back Monad Comprehensions",
  booktitle    = "{Haskell} Symposium",
  location     = "Tokyo, Japan",
  pages        = "13--22",
  publisher    = "ACM",
  year         = 2011
}